@misc{vertex_operator_algebra:Wikipedia,
  title        = {Vertex operator algebra},
  howpublished = {\url{https://en.wikipedia.org/wiki/Vertex_operator_algebra}},
  note         = {Wikipedia, The Free Encyclopedia. Last accessed: 2025-06-09},
  year         = {2025}
}

@article{Moore:1988qv,
    author = "Moore, Gregory W. and Seiberg, Nathan",
    title = "{Classical and Quantum Conformal Field Theory}",
    reportNumber = "IASSNS-HEP-88-39",
    doi = "10.1007/BF01238857",
    journal = "Commun. Math. Phys.",
    volume = "123",
    pages = "177",
    year = "1989"
}